@techreport{goldsmith2022contamination,
  title={Contamination bias in linear regressions},
  author={Goldsmith-Pinkham, Paul and Hull, Peter and Koles{\'a}r, Michal},
  year={2022},
  institution={National Bureau of Economic Research}
}

@article{angrist1998estimating,
  title={Estimating the Labor Market Impact of Voluntary Military Service Using Social Security Data on Military Applicants},
  author={Angrist, Joshua D},
  journal={Econometrica},
  volume={66},
  number={2},
  pages={249--288},
  year={1998},
  publisher={Citeseer}
}

@article{sloczynski2022interpreting,
  title={Interpreting OLS estimands when treatment effects are heterogeneous: Smaller groups get larger weights},
  author={Sloczynski, Tymon},
  journal={Review of Economics and Statistics},
  volume={104},
  number={3},
  pages={501--509},
  year={2022},
  publisher={MIT Press One Rogers Street, Cambridge, MA 02142-1209, USA journals-info~â€¦}
}